<record><leader>00000cas a2200000 a 4500</leader><controlfield tag="001">13285957</controlfield><controlfield tag="008">860312c19319999ncucr ne      0   a0eng d</controlfield><datafield ind1=" " ind2=" " tag="010"><subfield code="a">sn 91068098 </subfield></datafield><datafield ind1=" " ind2=" " tag="040"><subfield code="a">NCS</subfield><subfield code="b">eng</subfield><subfield code="c">NCS</subfield><subfield code="d">NVJ</subfield><subfield code="d">OCL</subfield><subfield code="d">OCLCQ</subfield></datafield><datafield ind1=" " ind2=" " tag="032"><subfield code="a">637620</subfield><subfield code="b">USPS</subfield></datafield><datafield ind1=" " ind2=" " tag="042"><subfield code="a">msc</subfield></datafield><datafield ind1="0" ind2="4" tag="245"><subfield code="a">The Transylvania times.</subfield></datafield><datafield ind1=" " ind2=" " tag="260"><subfield code="a">Brevard, N.C. :</subfield><subfield code="b">Times Pub. Co.</subfield></datafield><datafield ind1=" " ind2=" " tag="300"><subfield code="a">v. :</subfield><subfield code="b">ill. ;</subfield><subfield code="c">58 cm.</subfield></datafield><datafield ind1=" " ind2=" " tag="310"><subfield code="a">Semiweekly,</subfield><subfield code="b">Nov. 18, 1974-</subfield></datafield><datafield ind1=" " ind2=" " tag="321"><subfield code="a">Weekly,</subfield><subfield code="b">&lt;Jan. 19, 1933&gt;-Nov. 14, 1974</subfield></datafield><datafield ind1="1" ind2=" " tag="362"><subfield code="a">Began in 1931.</subfield></datafield><datafield ind1=" " ind2=" " tag="588"><subfield code="a">Description based on: Vol. 2, no. 17 (Jan. 19, 1933).</subfield></datafield><datafield ind1=" " ind2=" " tag="752"><subfield code="a">United States</subfield><subfield code="b">North Carolina</subfield><subfield code="c">Transylvania</subfield><subfield code="d">Brevard.</subfield></datafield><datafield ind1="0" ind2="5" tag="780"><subfield code="t">Brevard news</subfield><subfield code="w">(DLC)sn 92074063</subfield></datafield><datafield ind1=" " ind2=" " tag="936"><subfield code="a">Nov. 4, 1985</subfield></datafield></record>